%% ----------------------------------------------------------------
%% ECS.bib
%% ---------------------------------------------------------------- 


@book{porter2008,
  title={Competitive Strategy: Techniques for Analyzing Industries and Competitors},
  author={Porter, M.E.},
  year={2008},
  publisher={Free Press}
}

@book{bowman1997,
  title={Competitive and Corporate Strategy},
  author={Bowman, Cliff and Faulkner, David},
  year={1997},
  publisher={Irwin}
}

@book{johnson2008,
  title={Exploring corporate strategy},
  author={Johnson, Gerry and Scholes, Kevan and Whittington, Richard},
  year={2008},
  publisher={Prentice Hall}
}

@misc{LectureNotesMang,
  Author = {Stainton, Andrew},
  Institution = {University of Southampton},
  Howpublished = {University of Southampton Lecture Notes MANG3023 Management II},
  Year = {2012},
  Title = {Strategic Management Slides}
}

@misc{Arthur2013,
author={Arthur, Charles},
title={Tablets will challenge {PC} sales by 2017 as {A}ndroid passes {iPad}, says {IDC} - {The Guardian Online}},
month = March,
year = 2013,
howpublished={\url{http://www.guardian.co.uk/technology/2013/mar/13/tablets-challenge-pc-sales-2017-android}}
}

@misc{Apple2013,
author={Apple},
title={{iPad} Available in {US} on {A}pril 3 - {Apple} Press Release},
month = March,
year = 2010,
howpublished={\url{http://www.apple.com/pr/library/2010/03/05iPad-Available-in-US-on-April-3.html}}
}

@misc{Goldman2013,
author={Goldman, Jim},
title={Apple Sells 1 Million {iPads} - {CNBC News}},
month = May,
year = 2010,
howpublished={\url{http://www.cnbc.com/id/36911690}}
}

@misc{Gartner2013,
author={Gartner},
title={Gartner Says Worldwide {PC}, Tablet and Mobile Phone Combined Shipments to reach 2.4 Billion Units in 2013},
month = April,
year = 2013,
howpublished={\url{http://www.gartner.com/newsroom/id/2408515}}
}

@misc{IDC2013,
author={{IDC}},
title={Low Cost Products Drive Forecast Increases in the Tablet Market, According to IDC},
month = March,
year = 2013,
howpublished={\url{https://www.idc.com/getdoc.jsp?containerId=prUS24002213#.UWLfr1dfaSo}}
}

@misc{Ap2013,
author={{Apple}},
title={{iPad} Apple Online Store {UK}},
month = April,
year = 2013,
howpublished={\url{http://store.apple.com/uk/buy/home/shop_ipad/family/ipad}}
}

@misc{mi2013,
author={{Microsoft}},
title={{Microsoft Surface RT} Microsoft Online Store {UK}},
month = April,
year = 2013,
howpublished={\url{http://www.microsoftstore.com/store/msuk/en_GB/pdp/productID.265867500}}
}

@misc{intel,
author={{Intel}},
title={Interactive Timeline},
month = April,
year = 2013,
howpublished={\url{http://www.intel.com/content/www/us/en/history/historic-timeline.html}}
}



@misc{dx2013,
author={{DX}},
title={{ONN M2 7 inch capacitive screen Android 4.1 tablet} - Deal Extreme {UK} store},
month = April,
year = 2013,
howpublished="\url{http://dx.com/p/onn-m2-7-capacitive-screen-android-4-1-tablet-pc-w-tf-wi-fi-camera-g-sensor-white-black-199079}"
}

@misc{yarrow2013,
author={Yarrow, Jay},
title={A Devastating report for Amazon's Kindle Business - Business Insider},
month = Dec,
year = 2012,
howpublished={\url{http://www.businessinsider.com/amazon-kindle-fire-sales-estimates-2012-12}}
}

@misc{mccue2013,
author={McCue, TJ},
title={Kindle Fire HD Best Selling Product from Amazon - Forbes},
month = Dec,
year = 2012,
howpublished={\url{http://www.forbes.com/sites/tjmccue/2012/12/27/kindle-fire-hd-best-selling-product-overall-amazon-holiday-sales-306-items-sold-each-second/}}
}

@misc{google2013,
author={Google},
title={{Google Nexus 7 - Google UK Store}},
month = April,
year = 2013,
howpublished={\url{https://play.google.com/store/devices/details?id=nexus_7_16gb&feature=microsite&hl=en}}
}

@misc{cnet2013,
author={Crowthers, Brooke},
title={{Google Nexus 7 tops iPad in Japan: Is this a trend? CNet Online}},
month = Janl,
year = 2013,
howpublished={\url{http://news.cnet.com/8301-13579_3-57564407-37/google-nexus-7-tops-ipad-in-japan-is-this-a-trend/}}
}

@book{porter2008competitive,
  title={Competitive Advantage: Creating and Sustaining Superior Performance},
  author={Porter, M.E.},
  isbn={9781416595847},
  year={2008},
  publisher={Free Press}
}

@book{chelsom2005management,
  title={Management for Engineers, Scientists and Technologists},
  author={Chelsom, J.V. and Payne, A.C. and Reavill, L.R.P.},
  isbn={9780470021279},
  url={http://books.google.co.uk/books?id=-aP30hEFB6sC},
  year={2005},
  publisher={Wiley}
}

@article{normann1993value,
  title={From value chain to value constellation: designing interactive strategy},
  author={Normann, Richard and Ramirez, Rafael},
  journal={Harvard business review},
  volume={71},
  pages={65--65},
  year={1993}
}

@misc{waitrose2013,
author={Waitrose},
title={About Waitrose},
month = April,
year = 2013,
howpublished={\url{http://www.johnlewispartnership.co.uk/about/waitrose.html}}
}

@book{porter1979competitive,
  title={How competitive forces shape strategy},
  author={Porter, Michael E},
  year={1979},
  publisher={Harvard Business Review}
}

@article{semmler2010competition,
  title={Competition in the Microprocessor Market: Intel, AMD and Beyond},
  author={Semmler, Andr{\'e}},
  year={2010}
}

@article{ellickson2011evolution,
  title={The evolution of the supermarket industry: from A\&P to Wal-Mart},
  author={Ellickson, Paul},
  year={2011},
  publisher={Simon School Working Paper Series No. FR 11-17}
}

@article{Intel2012,
  title={{IT at Intel} white paper - Transforming Intel's Supply Chain to Meet Market Challenges},
  author={Intel},
  year={2012}
}

@misc{Forbes2013,
author={Forbes},
title={Can {Intel} Challenge {ARM's} Mobile Dominance?},
month = November,
year = 2012,
howpublished= "\url{http://www.forbes.com/sites/greatspeculations/2012/11/09/can-intel-challenge-arms-mobile-dominance/}"
}